@article{gopal2019solving,
  title={Solving Laplace problems with corner singularities via rational functions},
  author={Gopal, Abinand and Trefethen, Lloyd N},
  journal={SIAM Journal on Numerical Analysis},
  volume={57},
  number={5},
  pages={2074--2094},
  year={2019},
  publisher={SIAM}
}
@book{dettman1965applied,
  title={Applied complex variables},
  author={Dettman, John Warren},
  year={1965},
  publisher={Courier Corporation}
}
@book{trefethen2019approximation,
  title={Approximation theory and approximation practice},
  author={Trefethen, Lloyd N},
  volume={164},
  year={2019},
  publisher={Siam}
}